<record><leader>00000cas a22000007a 4500</leader><controlfield tag="001">22231482</controlfield><controlfield tag="008">900816d19411984ncuwr ne      0    0eng d</controlfield><datafield ind1=" " ind2=" " tag="010"><subfield code="a">sn 90057235 </subfield></datafield><datafield ind1=" " ind2=" " tag="040"><subfield code="a">MFN</subfield><subfield code="b">eng</subfield><subfield code="c">MFN</subfield><subfield code="d">NVJ</subfield><subfield code="d">OCLCQ</subfield><subfield code="d">OCLCF</subfield><subfield code="d">OCLCO</subfield></datafield><datafield ind1="1" ind2=" " tag="029"><subfield code="a">AU@</subfield><subfield code="b">000020634332</subfield></datafield><datafield ind1=" " ind2=" " tag="042"><subfield code="a">msc</subfield></datafield><datafield ind1=" " ind2=" " tag="043"><subfield code="a">n-us-nc</subfield></datafield><datafield ind1="0" ind2="4" tag="245"><subfield code="a">The Alleghany news and star-times.</subfield></datafield><datafield ind1="3" ind2="0" tag="246"><subfield code="a">Alleghany news</subfield></datafield><datafield ind1="3" ind2="0" tag="246"><subfield code="a">Star-times</subfield></datafield><datafield ind1=" " ind2=" " tag="260"><subfield code="a">Sparta, N.C. :</subfield><subfield code="b">Ed. M. Anderson</subfield></datafield><datafield ind1=" " ind2=" " tag="300"><subfield code="a">v.</subfield></datafield><datafield ind1=" " ind2=" " tag="310"><subfield code="a">Weekly</subfield></datafield><datafield ind1="0" ind2=" " tag="362"><subfield code="a">Vol. 53, no. 2 (Sept. 5, 1941)-v. 106, no. 56 (Aug. 9, 1984).</subfield></datafield><datafield ind1=" " ind2="0" tag="651"><subfield code="a">Sparta (N.C.)</subfield><subfield code="v">Newspapers.</subfield></datafield><datafield ind1=" " ind2="0" tag="651"><subfield code="a">Alleghany County (N.C.)</subfield><subfield code="v">Newspapers.</subfield></datafield><datafield ind1=" " ind2="7" tag="655"><subfield code="a">Newspapers.</subfield><subfield code="2">fast</subfield><subfield code="0">(OCoLC)fst01423814</subfield></datafield><datafield ind1=" " ind2="7" tag="651"><subfield code="a">North Carolina</subfield><subfield code="z">Alleghany County.</subfield><subfield code="2">fast</subfield><subfield code="0">(OCoLC)fst01211870</subfield></datafield><datafield ind1=" " ind2="7" tag="651"><subfield code="a">North Carolina</subfield><subfield code="z">Sparta.</subfield><subfield code="2">fast</subfield><subfield code="0">(OCoLC)fst01229934</subfield></datafield><datafield ind1=" " ind2=" " tag="752"><subfield code="a">United States</subfield><subfield code="b">North Carolina</subfield><subfield code="c">Alleghany</subfield><subfield code="d">Sparta.</subfield></datafield><datafield ind1="0" ind2="4" tag="780"><subfield code="t">Alleghany news (Sparta, N.C. : 1940)</subfield><subfield code="w">(DLC)sn 97064607</subfield></datafield><datafield ind1="0" ind2="4" tag="780"><subfield code="t">Alleghany star-times</subfield><subfield code="w">(DLC)sn 97064606</subfield></datafield><datafield ind1="0" ind2="0" tag="785"><subfield code="t">Alleghany news</subfield><subfield code="w">(DLC)sn 90057234</subfield></datafield></record>